@article{coopershera, title={Basilar-membrane interference patterns from multiple internal reflection of cochlear traveling waves}, journal={Journal of the Acoustical Society of America}, author={Shera, Christopher A. and Cooper, Nigel P.}, volume={133}, pages={2224-2239}, year={2013}}
@article{dallos2, title={Production of cochlear potentials by inner and outer hair cells}, journal={The Journal of the Acoustical Society of America}, author={Dallos, Peter and Cheatham, M.A.}, volume={60}, pages={510-512}, year={1976}}
@article{dallos3, title={Organ of Corti kinematics}, journal={Journal of the Association for Research in Otolaryngology}, author={Dallos, Peter}, volume={4}, pages={416-421}, year={2003}}
@article{Olson1998, title={Observing middle and inner ear mechanics with novel intracochlear pressure sensors}, journal={The Journal of the Acoustical Society of America}, author={Olson, Elizabeth S.}, volume={103}, pages={3445 – 3463}, year={1988}}
@article{RenPlos2011, title={Localization of the Cochlear Amplifier in Living Sensitive Ears}, volume={6}, number={4}, journal={PLoS ONE}, author={Ren, Tianying and He, Wenxuan and Porsov, Edward}, year={2011}, pages={e20149:1-8}}
@article{Zweig,title={Finding the impedance of the organ of Corti}, volume={89}, journal={The Journal of the Acoustical Society of America}, author ={Zweig, George}, year={1991}, pages={1229-1254}}
@article{neely, title={A model for active elements in cochlear biomechanics}, volume={79}, DOI={10.1121/1.393674}, journal={The Journal of the Acoustical Society of America}, author={Neely, S.T. and Kim, D.O.}, year={1986}, pages={1472-1480}}
@article{dongolson, title={Detection of Cochlear Amplification and Its Activation}, volume={105}, DOI={10.1016/j.bpj.2013.06.049}, number={4}, journal={Biophysical Journal}, author={Dong, Wei and Olson, Elizabeth S.}, year={2013}, pages={1067–1078}}
@article{lee, title={Two-Dimensional Cochlear Micromechanics Measured In Vivo Demonstrate Radial Tuning within the Mouse Organ of Corti}, volume={36}, DOI={10.1523/jneurosci.1157-16.2016}, number={31}, journal={Journal of Neuroscience}, author={Lee, H. Y. and Raphael, P. D. and Xia, A. and Kim, J. and Grillet, N. and Applegate, B. E. and Bowden, A. K. Ellerbee and Oghalai, J. S.}, year={2016}, pages={8160–8173}}
@article{fridberger, title={Organ of Corti Potentials and the Motion of the Basilar Membrane}, volume={24}, DOI={10.1523/jneurosci.2711-04.2004}, number={45}, journal={Journal of Neuroscience}, author={Fridberger, A. and de Monvel, Jacques Boutet and Zheng, Jiefu and Hu, Ning and Zou, Yuan and Ren, Tianying and Nuttall, Alfred}, year={2004}, pages={10057–10063}}

@article{cooper, title={Vibration hotspots reveal longitudinal funneling of sound-evoked motion in the mammalian cochlea}, volume={9}, DOI={10.1038/s41467-018-05483-z}, number={1}, journal={Nature Communications}, author={Cooper, Nigel P. and Vavakou, Anna and Van Der Heijden, Marcel}, year={2018},
pages = {3054}}

@article{plassmann, title={The Cochlea in Gerbilline Rodents}, volume={30}, DOI={10.1159/000118639}, number={1-2}, journal={Brain, Behavior and Evolution}, author={Plassmann, W. and Peetz, W. and Schmidt, M.}, year={1987}, pages={82–102}}
@article{muller, title={The cochlear place-frequency map of the adult and developing mongolian gerbil}, volume={94}, DOI={10.1016/0378-5955(95)00230-8}, number={1-2}, journal={Hearing Research}, author={M\"uller, Marcus}, year={1996}, pages={148–156}}
@article{he, title={Timing of the reticular lamina and basilar membrane vibration in living gerbil cochleae}, volume={7}, DOI={10.7554/elife.37625}, journal={eLife}, author={He, Wenxuan and Kemp, David and Ren, Tianying}, year={2018}}
@article{fallah, title={Nonlinearity and amplification in cochlear responses to single and multi-tone stimuli}, volume={377}, DOI={10.1016/j.heares.2019.04.001}, journal={Hearing Research}, author={Fallah, Elika and Strimbu, C. Elliott and Olson, Elizabeth S.}, year={2019}, pages={271–281}}
@article{strimbu, title={Optical coherence tomography reveals complex motion between the basilar membrane and organ of corti in the gerbil cochlea}, volume={143}, DOI={10.1121/1.5036176}, number={3}, journal={The Journal of the Acoustical Society of America}, author={Strimbu, Clark E. and Lin, Nathan C. and Olson, Elizabeth S.}, year={2018}, pages={1898–1898}}
@article{olson2020, title={Mechanics of the Cochlea}, DOI={10.1016/b978-0-12-809324-5.24124-2}, journal={Reference Module in Neuroscience and Biobehavioral Psychology}, author={Olson, Elizabeth S.}, year={2020},pages = {1-27}}
@article{wang, title={Adaptation of Cochlear Amplification to Low Endocochlear Potential}, volume={116}, DOI={10.1016/j.bpj.2019.03.020}, number={9}, journal={Biophysical Journal}, author={Wang, Yi and Fallah, Elika and Olson, Elizabeth S.}, year={2019}, pages={1769–1786}}

@article{charaziak, title={Using Cochlear Microphonic Potentials to Localize Peripheral Hearing Loss}, DOI={10.3389/fnins.2017.00169}, journal={Frontiers in Neuroscience}, author={Charaziak, Karolina K. and Shera, Christopher A. and Siegel, Jonathan H.}, VOLUME={11},      
PAGES={169},     
YEAR={2017}}

@article{fettiplace, title={Hair Cell Transduction, Tuning, and Synaptic Transmission in the Mammalian Cochlea}, DOI={10.1002/cphy.c160049}, journal={Comprehensive Physiology}, author={Fettiplace, Robert}, year={2017}, pages={1197–1227}}
@article{risoud, title={Imaging and cell count in cleared intact cochlea in the Mongolian gerbil using laser scanning confocal microscopy}, volume={134}, DOI={10.1016/j.anorl.2017.01.001}, number={4}, journal={European Annals of Otorhinolaryngology, Head and Neck Diseases}, author={Risoud, M. and Sircoglou, J. and Dedieu, G. and Tardivel, M. and Vincent, C. and Bonne, N.-X.}, year={2017}, pages={221–224}}
@article{nankaliwang, title={A role for tectorial membrane mechanics in activating the cochlear amplifier}, journal = {Scientific Reports}, DOI={10.1101/2020.05.06.080549}, author={Nankali, A. and Wang, Y. and Strimbu, C. E. and Olson, E. S. and Grosh, K.}, year={2020},pages = {17620},volume = {10}}
@article{dallos, title={Response characteristics of mammalian cochlear hair cells}, volume={5}, DOI={10.1523/jneurosci.05-06-01591.1985}, number={6}, journal={The Journal of Neuroscience}, author={Dallos, P}, year={1985}, pages={1591–1608}}
@article{patuzzi, title={A model of the generation of the cochlear microphonic with nonlinear hair cell transduction and nonlinear basilar membrane mechanics}, volume={30}, DOI={10.1016/0378-5955(87)90185-7}, number={1}, journal={Hearing Research}, author={Patuzzi, R.b.}, year={1987}, pages={73–82}}
@article{corey, title={Analysis of the Microphonic Potential of the Bullfrog's Sacculus}, volume={3}, number={5}, journal={Journal of Neuroscience}, author={Corey, D P. and Hudspeth, A. J.}, year={1983}, month={May}, pages={942–961}}
@article{he_jia_dallos_2004, title={Mechanoelectrical transduction of adult outer hair cells studied in a gerbil hemicochlea}, volume={429}, journal={Nature}, author={He, David Z. Z. and Jia, Shuping and Dallos, Peter}, year={2004}, month={Jun}, pages={766–770}}
@article{kennedy, title={Fast adaptation of mechanoelectrical transducer channels in mammalian cochlear hair cells}, volume={6}, DOI={10.1038/nn1089}, number={8}, journal={Nature Neuroscience}, author={Kennedy, Helen J and Evans, Michael G and Crawford, Andrew C and Fettiplace, Robert}, year={2003}, pages={832–836}}
@article{ramamoorthy, title={A mechano-electro-acoustical model for the cochlea: Response to acoustic stimuli}, DOI={10.1121/1.2713725}, journal={Acoustical Society of America}, author={Ramamoorthy, Sripriya and Deo, Niranjan V. and Grosh, Karl}, year={2007}, month={Feb}, pages={2758–2773}, volume = {121}}
@article{furosemide2020, title={High-Dose Furosemide Enhances the Magnetic Resonance Signal of Systemic Gadolinium in the Mammalian Cochlea}, volume={41}, DOI={10.1097/mao.0000000000002571}, number={4}, journal={Otology & Neurotology}, author={Pierre, Pernilla Videhult and Rasmussen, Jesper Edvardsson and Aski, Sahar Nikkhou and Damberg, Peter and Laurell, Göran}, year={2020}, pages={545–553}}
@article{wang_fallah_olson, title={Adaptation of Cochlear Amplification to Low Endocochlear Potential}, volume={116}, DOI={10.1016/j.bpj.2019.03.020}, number={9}, journal={Biophysical Journal}, author={Wang, Yi and Fallah, Elika and Olson, Elizabeth S.}, year={2019}, pages={1769–1786}}
@article{renpnas2016, title={Reticular lamina and basilar membrane vibrations in living mouse cochleae}, volume={113}, DOI={10.1073/pnas.1607428113}, number={35}, journal={Proceedings of the National Academy of Sciences}, author={Ren, Tianying and He, Wenxuan and Kemp, David}, year={2016}, pages={9910–9915}}
@article{overstreet, title={Basilar Membrane Vibrations Near the Round Window of the Gerbil Cochlea}, volume={3}, DOI={10.1007/s101620020023}, number={3}, journal={Journal of the Association for Research in Otolaryngology}, author={Overstreet, Edward H. and Temchin, Andrei N. and Ruggero, Mario A.}, year={2002}, pages={351–361}}
@article{strimbu_wang_olson, title={Manipulation of the Endocochlear Potential Reveals Two Distinct Types of Cochlear Nonlinearity}, volume={119}, DOI={10.1016/j.bpj.2020.10.005}, number={10}, journal={Biophysical Journal}, author={Strimbu, C. Elliott and Wang, Yi and Olson, Elizabeth S.}, year={2020}, pages={2087–2101}}
@article{briaire_frijns, title={3D mesh generation to solve the electrical volume conduction problem in the implanted inner ear}, volume={8}, DOI={10.1016/s0928-4869(00)00007-0}, number={1-2}, journal={Simulation Practice and Theory}, author={Briaire, Jeroen J. and Frijns, Johan H.m.}, year={2000}, pages={57–73}}
@article{chen_2011, title={A differentially amplified motion in the ear for near-threshold sound detection}, volume={14}, DOI={10.1038/nn.2827}, number={6}, journal={Nature Neuroscience}, author={Chen, Fangyi and Zha, Dingjun and Fridberger, Anders and Zheng, Jiefu and Choudhury, Niloy and Jacques, Steven L and Wang, Ruikang K and Shi, Xiaorui and Nuttall, Alfred L}, year={2011}, pages={770–774}}
@article{johnson_2011, title={Prestin-Driven Cochlear Amplification Is Not Limited by the Outer Hair Cell Membrane Time Constant}, volume={70}, DOI={10.1016/j.neuron.2011.04.024}, number={6}, journal={Neuron}, author={Johnson, Stuart L. and Beurg, Maryline and Marcotti, Walter and Fettiplace, Robert}, year={2011}, pages={1143–1154}}
@article{charaziak2018, title={Spectral Ripples in Round-Window Cochlear Microphonics: Evidence for Multiple Generation Mechanisms}, volume={19}, DOI={10.1007/s10162-018-0668-6}, number={4}, journal={The Journal of the Association for Research in Otolaryngology}, author={Charaziak, Karolina K. and Siegel, Jonathan H. and Shera, Christopher A.}, year={2018}, pages={401–419}}
@article{peterson1950, title={A Dynamical Theory of the Cochlea}, volume={22}, DOI={10.1121/1.1917149}, number={1}, journal={The Journal of the Acoustical Society of America}, author={Peterson, L. C. and Bogert, B. P.}, year={1950}, pages={84–84}}
@article{shera1999, title={Evoked otoacoustic emissions arise by two fundamentally different mechanisms: A taxonomy for mammalian OAEs}, volume={105}, DOI={10.1121/1.426948}, number={2}, journal={The Journal of the Acoustical Society of America}, author={Shera, Christopher A. and Guinan, John J.}, year={1999}, pages={782–798}}
@article{olson2013, title={Fast waves, slow waves and cochlear excitation}, DOI={10.1121/1.4799326}, author={Olson, Elizabeth S.}, year={2013},journal={The Journal of the Acoustical Society of America},volume={133},pages={050134}}
@article{misrahy, title={Electrical Properties of Wall of Endolymphatic Space of the Cochlea (Guinea Pig)}, volume={194}, DOI={10.1152/ajplegacy.1958.194.2.396}, number={2}, journal={American Journal of Physiology-Legacy Content}, author={Misrahy, George A. and Hildreth, Kenneth M. and Shinabarger, Edward W. and Gannon, William J.}, year={1958}, pages={396–402}}
@article{faes, title={The electric resistivity of human tissues (100 Hz-10 MHz): a meta-analysis of review studies}, volume={20}, DOI={10.1088/0967-3334/20/4/201}, number={4}, journal={Physiological Measurement}, author={Faes, T. J. and van der Meij, H. A. and de Munck, H. C. and Heethaar, R. M.}, year={1999},pages = {R1-10}}
@article{ayat, title={An integrated electromechanical model for the cochlear microphonic}, volume={34}, DOI={10.1016/j.bbe.2014.06.001}, number={4}, journal={Biocybernetics and Biomedical Engineering}, author={Ayat, Mohammad and Teal, Paul D. and Mcguinness, Mark}, year={2014}, pages={206–219}}
@article{hanekom, title={Three-Dimensional Spiraling Finite Element Model of the Electrically Stimulated Cochlea}, volume={22}, DOI={10.1097/00003446-200108000-00005}, number={4}, journal={Ear and Hearing}, author={Hanekom, Tania}, year={2001}, pages={300–315}}
@article{nogueira, title={Validation of a Cochlear Implant Patient-Specific Model of the Voltage Distribution in a Clinical Setting}, volume={4}, DOI={10.3389/fbioe.2016.00084}, journal={Frontiers in Bioengineering and Biotechnology}, author={Nogueira, Waldo and Schurzig, Daniel and Büchner, Andreas and Penninger, Richard T. and Würfel, Waldemar}, year={2016},pages = {84}
}
@article{sondhi_1978, title={Method for computing motion in a two‐dimensional cochlear model}, volume={63}, DOI={10.1121/1.381893}, number={5}, journal={The Journal of the Acoustical Society of America}, author={Sondhi, Man Mohan}, year={1978}, pages={1468–1477}}
@article{zweig_1976, title={Basilar Membrane Motion}, volume={40}, DOI={10.1101/sqb.1976.040.01.058}, journal={Cold Spring Harbor Symposia on Quantitative Biology}, author={Zweig, G.}, year={1976}, pages={619–633}}
@article{gulley_reese_1976, title={Intercellular junctions in the reticular lamina of the organ of Corti}, volume={5}, DOI={10.1007/bf01175574}, number={5}, journal={Journal of Neurocytology}, author={Gulley, R. L. and Reese, T. S.}, year={1976}, pages={617–618}}
@article{edge, title={Morphology of the unfixed cochlea}, volume={124}, DOI={10.1016/s0378-5955(98)00090-2}, number={1-2}, journal={Hearing Research}, author={Edge, R.M and Evans, B.N and Pearce, M and Richter, C.P and Hu, X and Dallos, P}, year={1998}, pages={1–16}}
@article{Nin, title={Computer modeling defines the system driving a constant
current crucial for homeostasis in the mammalian cochlea by
integrating unique ion transports}, volume={24}, journal={Systems Biology and Applications}, author={Nin, F and Yoshida, T and Murakami, S and Ogata, G and Uetsuka, S and Choi, S and Doi, K and Sawamura, S and Inohara, H and Komune, S and Kurachi, Y and Hibino, H}, year={2017}, pages={1–10}}
@article{Cheatham2011, title={Using the Cochlear Microphonic as a Tool to Evaluate Cochlear
Function in Mouse Models of Hearing}, volume={12}, journal={Journal of the Association for Research in Otolaryngology}, author={Cheatham, M and Naik, K and Dallos, P}, year={2011}, pages={113-125}}
@article{johnstone1966, title={Membrane Resistance in Endolymphatic Walls of the First Turn of the Guinea-Pig Cochlea}, volume={40}, journal={Journal of the Acoustical Society of America}, author={Johnstone, B M and Johnstone, J R and Pugsley, I D}, year={1966}, pages={1398-1404}}
@article{strelioff, title={A computer simulation of the generation and distribution of cochlear potentials}, volume={54}, journal={Journal of the Acoustical Society of America}, author={Strelioff, D}, year={1973}, pages={620-629}}